<?xml version="1.0" encoding="UTF-8"?><collection xmlns="http://www.loc.gov/MARC21/slim"><record><leader>00448nam--2200145-i-4500</leader><controlfield tag="001">000029947</controlfield><controlfield tag="002">20161230</controlfield><controlfield tag="005">20161230201038</controlfield><controlfield tag="008">060222s1000------------r-----000-0-eng-d</controlfield><datafield ind1=" " ind2=" " tag="040"><subfield code="a">IFIN-HH</subfield></datafield><datafield ind1=" " ind2=" " tag="100"><subfield code="a">Kuster, F.W</subfield></datafield><datafield ind1=" " ind2=" " tag="245"><subfield code="a">Logarithmische rechentafeln fur chemiker, pharmazeuten, mediziner und physiker..neubearbeitet von k.fischbeck</subfield></datafield><datafield ind1=" " ind2=" " tag="260"><subfield code="a">Berlin, Gruyter, 1956. Xvi+302p. +1pl</subfield></datafield><datafield ind1=" " ind2=" " tag="852"><subfield code="a">12126</subfield><subfield code="c">518.2</subfield></datafield><datafield ind1=" " ind2=" " tag="CAT"><subfield code="a">Sys</subfield><subfield code="c">20090804</subfield><subfield code="h">083207</subfield></datafield></record></collection>